@article{pearson-correlation-table,
  title={User's guide to correlation coefficients},
  author={Akoglu, Haldun},
  journal={Turkish journal of emergency medicine},
  volume={18},
  number={3},
  pages={91--93},
  year={2018},
  publisher={Elsevier}
}