@misc{LD_PRELOAD-manual,
	author = {},
	title = {ld.so(8) - {L}inux manual page --- man7.org},
	howpublished = {\url{https://man7.org/linux/man-pages/man8/ld.so.8.html}},
	year = {},
	note = {[Accessed 30-04-2025]},
}

@misc{go-pgo,
	author = {},
	title = {{P}rofile-guided optimization - {T}he {G}o {P}rogramming {L}anguage --- go.dev},
	howpublished = {\url{https://go.dev/doc/pgo}},
	year = {},
	note = {[Accessed 30-04-2025]},
}

@misc{dotnet-quick-jit,
	author = {gewarren},
	title = {{C}ompilation config settings - .{N}{E}{T} --- learn.microsoft.com},
	howpublished = {\url{https://learn.microsoft.com/en-us/dotnet/core/runtime-config/compilation#quick-jit}},
	year = {},
	note = {[Accessed 30-04-2025]},
}

@misc{ruby-yjit,
	author = {},
	title = {yjit - {D}ocumentation for {R}uby 3.4 --- docs.ruby-lang.org},
	howpublished = {\url{https://docs.ruby-lang.org/en/3.4/yjit/yjit_md.html}},
	year = {},
	note = {[Accessed 30-04-2025]},
}

@misc{rust-pgo,
	author = {},
	title = {{P}rofile-guided {O}ptimization - {T}he rustc book --- doc.rust-lang.org},
	howpublished = {\url{https://doc.rust-lang.org/beta/rustc/profile-guided-optimization.html}},
	year = {},
	note = {[Accessed 30-04-2025]},
}

@misc{node-jitless,
	author = {},
	title = {{C}ommand-line {A}{P}{I} | {N}ode.js v18.19.1 {D}ocumentation --- nodejs.org},
	howpublished = {\url{https://nodejs.org/download/release/v18.19.1/docs/api/cli.html#--jitless}},
	year = {},
	note = {[Accessed 30-04-2025]},
}
