@misc{ruby-memory-bloat,
	author = {},
	title = {{W}hat causes {R}uby memory bloat? --- joyfulbikeshedding.com},
	howpublished = {\url{https://www.joyfulbikeshedding.com/blog/2019-03-14-what-causes-ruby-memory-bloat.html}},
	year = {},
	note = {[Accessed 12-05-2025]},
}

@misc{ruby-jemalloc-fix,
	author = {},
	title = {{W}e {S}olved {O}ur {R}ails {M}emory {L}eaks {W}ith jemalloc --- medium.com},
	howpublished = {\url{https://medium.com/motive-eng/we-solved-our-rails-memory-leaks-with-jemalloc-5c3711326456}},
	year = {},
	note = {[Accessed 12-05-2025]},
}

@misc{ruby-sidekiq-jemalloc,
	author = {Brandon Hilkert},
	title = {{R}educing {S}idekiq {M}emory {U}sage with {J}emalloc | {B}randon {H}ilkert --- brandonhilkert.com},
	howpublished = {\url{https://brandonhilkert.com/blog/reducing-sidekiq-memory-usage-with-jemalloc/?utm_source=chatgpt.com}},
	year = {},
	note = {[Accessed 14-05-2025]},
}

@misc{ruby-memory-fargmentation-joyfulbikesheddingWhatCauses,
	author = {},
	title = {{W}hat causes {R}uby memory bloat? --- joyfulbikeshedding.com},
	howpublished = {\url{https://www.joyfulbikeshedding.com/blog/2019-03-14-what-causes-ruby-memory-bloat.html}},
	year = {},
	note = {[Accessed 14-05-2025]},
}

@misc{ruby-developer-memory-fragmentation,
	author = {},
	title = { {G}arbage {C}ollection in {R}uby - {P}eter {Z}hu  --- blog.peterzhu.ca},
	howpublished = {\url{https://blog.peterzhu.ca/notes-on-ruby-gc/}},
	year = {},
	note = {[Accessed 14-05-2025]},
}
