@article{freitag2021climate,
  title={The climate impact of ICT: A review of estimates, trends and regulations},
  author={Freitag, Charlotte and Berners-Lee, Mike and Widdicks, Kelly and Knowles, Bran and Blair, Gordon and Friday, Adrian},
  journal={arXiv preprint arXiv:2102.02622},
  year={2021}
}

@article{lee2010aviation,
  title={Aviation greenhouse gas emissions},
  author={Lee, David S},
  journal={BAN Ki-moon},
  year={2010}
}

@inproceedings{evans2006scalable,
  title={A scalable concurrent malloc (3) implementation for FreeBSD},
  author={Evans, Jason},
  booktitle={Proc. of the bsdcan conference, ottawa, canada},
  year={2006}
}

@article{planes2021simulation,
  title={Simulation and evaluation of sustainable climate trajectories for aviation},
  author={Plan{\`e}s, Thomas and Delbecq, Scott and Pommier-Budinger, Val{\'e}rie and B{\'e}nard, Emmanuel},
  journal={Journal of Environmental Management},
  volume={295},
  pages={113079},
  year={2021},
  publisher={Elsevier}
}
