@online{raspberry-pi-thermal-throttling-github,
	author = {},
	title = {frequency-management.adoc},
	howpublished = {\url{https://github.com/raspberrypi/documentation/blob/develop/documentation/asciidoc/computers/raspberry-pi/frequency-management.adoc?utm_source=chatgpt.com}},
	year = {},
	note = {[Accessed 13-05-2025]},
}
