@techreport{raspberrypi2025productbrief,
  title        = {Raspberry Pi 4 Model B Product Brief},
  author       = {Raspberry Pi Ltd},
  year         = {2025},
  month        = {February},
  institution  = {Raspberry Pi Ltd},
  url          = {https://datasheets.raspberrypi.com/rpi4/raspberry-pi-4-product-brief.pdf},
  note         = {Accessed: 2025-05-29}
}

@article{sedgwick2012pearson,
  title={Pearsonâ€™s correlation coefficient},
  author={Sedgwick, Philip},
  journal={Bmj},
  volume={345},
  year={2012},
  publisher={British Medical Journal Publishing Group}
}

@misc{qoitech_otii_ace_pro,
  author       = {Qoitech AB},
  title        = {Otii Ace Pro},
  howpublished = {\url{https://www.qoitech.com/otii-ace/}},
  note         = {Accessed: 2025-06-01},
  year         = {2025}
}

@misc{checkstyleReleaseNotes,
	author = {checkstyle},
	title = {{R}elease {N}otes \&#x2013; checkstyle --- checkstyle.org},
	howpublished = {\url{https://checkstyle.org/releasenotes.html#Release_10.21.4}},
	year = {},
	note = {[Accessed 01-06-2025]},
}

 @misc{replication-kit-Karlsen_Landsgaard_Offenberg_Pedersen_2025, title={Replication Kit: The Effect of Software Optimizations on the Energy Consumption of Web Applications}, rights={Creative Commons Attribution 4.0 International}, url={https://zenodo.org/doi/10.5281/zenodo.15357061}, DOI={10.5281/ZENODO.15357061}, publisher={Zenodo}, author={Karlsen, Nicolai Pihl and Landsgaard, Malou Elmelund and Offenberg, Lukas Vinther and Pedersen, Magnus Stig}, year={2025}, month=jun 
}

